@misc{AdaptiveBayesianFilter,
  title = {Adaptive Bayesian Filter with Data-Driven Sparse State Space Model for Seismic Response Estimation by Masaru Kitahara, Yuki Kakiuchi, Yaohua Yang, Tomonori Nagayama :: SSRN},
  urldate = {2023-07-30},
  howpublished = {https://papers.ssrn.com/sol3/papers.cfm?abstract\_id=4521593}
}

@article{akhoondzadehDevelopingFuzzyInference2022,
  title = {Developing a Fuzzy Inference System Based on Multi-Sensor Data to Predict Powerful Earthquake Parameters},
  author = {Akhoondzadeh, Mehdi and Marchetti, Dedalo},
  year = {2022},
  month = jul,
  journal = {REMOTE SENSING},
  volume = {14},
  number = {13},
  pages = {3203},
  publisher = {MDPI},
  address = {Basel},
  issn = {2072-4292},
  doi = {10.3390/rs14133203},
  urldate = {2023-07-18},
  langid = {english},
  lccn = {2},
  annotation = {Web of Science ID: WOS:000822107800001}
}

@article{akhoondzadehSwarmTECSatelliteMeasurements2022,
  title = {Swarm-TEC Satellite Measurements as a Potential Earthquake Precursor Together With Other Swarm and CSES Data: The Case of Mw7.6 2019 Papua New Guinea Seismic Event},
  shorttitle = {Swarm-TEC Satellite Measurements as a Potential Earthquake Precursor Together With Other Swarm and CSES Data},
  author = {Akhoondzadeh, Mehdi and De Santis, Angelo and Marchetti, Dedalo and Shen, Xuhui},
  year = {2022},
  journal = {Frontiers in Earth Science},
  volume = {10},
  issn = {2296-6463},
  doi = {10.3389/feart.2022.820189},
  urldate = {2023-07-25},
  lccn = {3}
}

@article{alimoradiSuccessfulTestsDetecting2024,
  title = {Successful Tests on Detecting Pre-Earthquake Magnetic Field Signals from Space},
  author = {Alimoradi, Homayoon and Rahimi, Habib and De Santis, Angelo},
  year = {2024},
  month = jan,
  journal = {Remote Sensing},
  volume = {16},
  number = {16},
  pages = {2985},
  publisher = {Multidisciplinary Digital Publishing Institute},
  issn = {2072-4292},
  doi = {10.3390/rs16162985},
  urldate = {2025-05-12},
  copyright = {http://creativecommons.org/licenses/by/3.0/},
  langid = {english},
  lccn = {2}
}

@article{barmanDetectionEarthquakeInduced2016,
  title = {Detection of Earthquake Induced Radon Precursors by Hilbert Huang Transform},
  author = {Barman, Chiranjib and Ghose, Debasis and Sinha, Bikash and Deb, Argha},
  year = {2016},
  month = oct,
  journal = {JOURNAL OF APPLIED GEOPHYSICS},
  volume = {133},
  pages = {123--131},
  publisher = {Elsevier Science Bv},
  address = {Amsterdam},
  issn = {0926-9851, 1879-1859},
  doi = {10.1016/j.jappgeo.2016.08.004},
  urldate = {2023-07-18},
  langid = {english},
  lccn = {3},
  annotation = {Web of Science ID: WOS:000383937300014}
}

@article{boydDistributedOptimizationStatistical2011,
  title = {Distributed Optimization and Statistical Learning via the Alternating Direction Method of Multipliers},
  author = {Boyd, Stephen and Parikh, Neal and Chu, Eric and Peleato, Borja and Eckstein, Jonathan},
  year = {2011},
  month = jul,
  journal = {Foundations and Trends{\textregistered} in Machine Learning},
  volume = {3},
  number = {1},
  pages = {1--122},
  publisher = {Now Publishers, Inc.},
  issn = {1935-8237, 1935-8245},
  doi = {10.1561/2200000016},
  urldate = {2023-07-18},
  langid = {english}
}

@article{caiAnomalyDetectionEarthquake2019,
  title = {Anomaly Detection of Earthquake Precursor Data Using Long Short-Term Memory Networks},
  author = {Cai, Yin and Shyu, Mei-Ling and Tu, Yue-Xuan and Teng, Yun-Tian and Hu, Xing-Xing},
  year = {2019},
  month = sep,
  journal = {Applied Geophysics},
  volume = {16},
  number = {3},
  pages = {257--266},
  issn = {1993-0658},
  doi = {10.1007/s11770-019-0774-1},
  urldate = {2023-07-25},
  langid = {english},
  lccn = {4}
}

@article{chenDynamicMonitoringOffshore2021,
  title = {Dynamic Monitoring of an Offshore Jacket Platform Based on RTK-GNSS Measurement by CF-CEEMDAN Method},
  author = {Chen, Wen and Xiong, Chunbao and Yu, Lina and Lian, Sida and Ye, Zhuang},
  year = {2021},
  month = oct,
  journal = {APPLIED OCEAN RESEARCH},
  volume = {115},
  pages = {102844},
  publisher = {Elsevier Sci Ltd},
  address = {Oxford},
  issn = {0141-1187, 1879-1549},
  doi = {10.1016/j.apor.2021.102844},
  urldate = {2023-07-18},
  langid = {english},
  lccn = {2},
  annotation = {Web of Science ID: WOS:000697347200001}
}

@article{desantisPotentialEarthquakePrecursory2017,
  title = {Potential Earthquake Precursory Pattern from Space: The 2015 Nepal Event as Seen by Magnetic Swarm Satellites},
  shorttitle = {Potential Earthquake Precursory Pattern from Space},
  author = {De Santis, A. and Balasis, G. and {Pav{\'o}n-Carrasco}, F. J. and Cianchini, G. and Mandea, M.},
  year = {2017},
  month = mar,
  journal = {Earth and Planetary Science Letters},
  volume = {461},
  pages = {119--126},
  issn = {0012-821X},
  doi = {10.1016/j.epsl.2016.12.037},
  urldate = {2024-05-28},
  lccn = {1}
}

@article{desantisPrecursoryWorldwideSignatures2019,
  title = {Precursory Worldwide Signatures of Earthquake Occurrences on Swarm Satellite Data},
  author = {De Santis, A. and Marchetti, D. and {Pav{\'o}n-Carrasco}, F. J. and Cianchini, G. and Perrone, L. and Abbattista, C. and Alfonsi, L. and Amoruso, L. and Campuzano, S. A. and Carbone, M. and Cesaroni, C. and De Franceschi, G. and De Santis, Anna and Di Giovambattista, R. and Ippolito, A. and Piscini, A. and Sabbagh, D. and Soldani, M. and Santoro, F. and Spogli, L. and Haagmans, R.},
  year = {2019},
  month = dec,
  journal = {Scientific Reports},
  volume = {9},
  number = {1},
  pages = {20287},
  publisher = {Nature Publishing Group},
  issn = {2045-2322},
  doi = {10.1038/s41598-019-56599-1},
  urldate = {2025-05-12},
  copyright = {2019 The Author(s)},
  langid = {english},
  lccn = {3}
}

@article{dragomiretskiyVariationalModeDecomposition2014,
  title = {Variational Mode Decomposition},
  author = {Dragomiretskiy, Konstantin and Zosso, Dominique},
  year = {2014},
  month = feb,
  journal = {IEEE Transactions on Signal Processing},
  volume = {62},
  number = {3},
  pages = {531--544},
  issn = {1941-0476},
  doi = {10.1109/TSP.2013.2288675},
  urldate = {2024-05-15},
  lccn = {1}
}

@article{fanAnalysisSwarmSatellite2022a,
  title = {Analysis of Swarm Satellite Magnetic Field Data for the 2015 Mw 7.8 Nepal Earthquake Based on Nonnegative Tensor Decomposition},
  author = {Fan, Mengxuan and Zhu, Kaiguang and De Santis, Angelo and Marchetti, Dedalo and Cianchini, Gianfranco and Piscini, Alessandro and He, Xiaodan and Wen, Jiami and Wang, Ting and Zhang, Yiqun and Cheng, Yuqi},
  year = {2022},
  journal = {IEEE Transactions on Geoscience and Remote Sensing},
  volume = {60},
  pages = {1--19},
  issn = {1558-0644},
  doi = {10.1109/TGRS.2022.3195726},
  urldate = {2024-05-28},
  lccn = {1}
}

@article{friis-christensenSwarmConstellationStudy2006,
  title = {Swarm: A Constellation to Study the Earth's Magnetic Field},
  shorttitle = {Swarm},
  author = {{Friis-Christensen}, E. and L{\"u}hr, H. and Hulot, G.},
  year = {2006},
  month = apr,
  journal = {Earth, Planets and Space},
  volume = {58},
  number = {4},
  pages = {351--358},
  issn = {1880-5981},
  doi = {10.1186/BF03351933},
  urldate = {2024-05-15},
  langid = {english}
}

@article{gengNewSeismogeodeticApproach2013,
  title = {A New Seismogeodetic Approach Applied to GPS and Accelerometer Observations of the 2012 Brawley Seismic Swarm: Implications for Earthquake Early Warning},
  shorttitle = {A New Seismogeodetic Approach Applied to GPS and Accelerometer Observations of the 2012 Brawley Seismic Swarm},
  author = {Geng, Jianghui and Bock, Yehuda and Melgar, Diego and Crowell, Brendan W. and Haase, Jennifer S.},
  year = {2013},
  month = jul,
  journal = {GEOCHEMISTRY GEOPHYSICS GEOSYSTEMS},
  volume = {14},
  number = {7},
  pages = {2124--2142},
  publisher = {Amer Geophysical Union},
  address = {Washington},
  issn = {1525-2027},
  doi = {10.1002/ggge.20144},
  urldate = {2023-07-18},
  langid = {english},
  lccn = {2},
  annotation = {Web of Science ID: WOS:000323828800004}
}

@article{hardeeppanchalSatelliteBasedDetection2022,
  title = {Satellite Based Detection of Pre-Earthquake Thermal Anomaly, Co-Seismic Deformation and Source Parameter Modelling of Past Earthquakes},
  author = {{Hardeep Panchal} and Saraf, A. K. and Das, J. and Dwivedi, D.},
  year = {2022},
  month = dec,
  journal = {Natural Hazards Research},
  volume = {2},
  number = {4},
  pages = {287--303},
  issn = {2666-5921},
  doi = {10.1016/j.nhres.2022.12.001},
  urldate = {2023-07-30},
  langid = {english}
}

@article{harriganDetectionElectromagneticSeismic2024,
  title = {Detection of Electromagnetic Seismic Precursors from Swarm Data by Enhanced Martingale Analytics},
  author = {Harrigan, Shane and Bi, Yaxin and Huang, Mingjun and O'Neill, Christopher and Zhai, Wei and Sun, Jianbao and Zhang, Xuemin},
  year = {2024},
  month = jan,
  journal = {Sensors},
  volume = {24},
  number = {11},
  pages = {3654},
  publisher = {Multidisciplinary Digital Publishing Institute},
  issn = {1424-8220},
  doi = {10.3390/s24113654},
  urldate = {2025-05-12},
  copyright = {http://creativecommons.org/licenses/by/3.0/},
  langid = {english},
  lccn = {3}
}

@article{hattoriSingularSpectralAnalysis2006,
  title = {Singular Spectral Analysis and Principal Component Analysis for Signal Discrimination of ULF Geomagnetic Data Associated with 2000 Izu Island Earthquake Swarm},
  author = {Hattori, Katsumi and Serita, Aya and Yoshino, Chie and Hayakawa, Masashi and Isezaki, Nobuhiro},
  year = {2006},
  journal = {PHYSICS AND CHEMISTRY OF THE EARTH},
  volume = {31},
  number = {4-9},
  pages = {281--291},
  publisher = {Pergamon-Elsevier Science Ltd},
  address = {Oxford},
  issn = {1474-7065},
  doi = {10.1016/j.pce.2006.02.034},
  urldate = {2023-07-18},
  langid = {english},
  lccn = {3},
  annotation = {Web of Science ID: WOS:000238917900021}
}

@article{huangPreSeismicAnomalyDetection2023,
  title = {A Pre-Seismic Anomaly Detection Approach Based on Earthquake Cross Partial Multi-View Data Fusion},
  author = {Huang, Yongming and Zhu, Kun'ao and Shi, Wen and Lu, Yong and Liu, Gaochuan and Zhang, Guobao and Teng, Yuntian},
  year = {2023},
  month = feb,
  journal = {Magnetochemistry},
  volume = {9},
  number = {2},
  pages = {48},
  publisher = {Multidisciplinary Digital Publishing Institute},
  issn = {2312-7481},
  doi = {10.3390/magnetochemistry9020048},
  urldate = {2023-07-29},
  copyright = {http://creativecommons.org/licenses/by/3.0/},
  langid = {english},
  lccn = {3}
}

@article{kimGraphConvolutionNetworks2022a,
  title = {Graph Convolution Networks for Seismic Events Classification Using Raw Waveform Data From Multiple Stations},
  author = {Kim, Gwantae and Ku, Bonhwa and Ahn, Jae-Kwang and Ko, Hanseok},
  year = {2022},
  journal = {IEEE Geoscience and Remote Sensing Letters},
  volume = {19},
  pages = {1--5},
  issn = {1558-0571},
  doi = {10.1109/LGRS.2021.3127874},
  urldate = {2024-11-07},
  lccn = {2}
}

@misc{kitaharaAdaptiveBayesianFilter2023,
  type = {SSRN Scholarly Paper},
  title = {Adaptive Bayesian Filter with Data-Driven Sparse State Space Model for Seismic Response Estimation},
  author = {Kitahara, Masaru and Kakiuchi, Yuki and Yang, Yaohua and Nagayama, Tomonori},
  year = {2023},
  month = jul,
  number = {4521593},
  address = {Rochester, NY},
  doi = {10.2139/ssrn.4521593},
  urldate = {2023-07-30},
  langid = {english}
}

@article{kuoImprovedCouplingModel,
  title = {An Improved Coupling Model for the Lithosphere-atmosphere-ionosphere System},
  author = {Kuo, C. L. and Lee, L. C. and Huba, J. D.},
  doi = {10.1002/2013JA019392},
  urldate = {2025-05-12},
  langid = {english}
}

@article{liECODUnsupervisedOutlier2022,
  title = {ECOD: Unsupervised Outlier Detection Using Empirical Cumulative Distribution Functions},
  shorttitle = {ECOD},
  author = {Li, Zheng and Zhao, Yue and Hu, Xiyang and Botta, Nicola and Ionescu, Cezar and Chen, George},
  year = {2022},
  journal = {IEEE Transactions on Knowledge and Data Engineering},
  pages = {1--1},
  issn = {1558-2191},
  doi = {10.1109/TKDE.2022.3159580},
  lccn = {2}
}

@article{marchettiAnalysisSwarmSatellites2018,
  title = {Analysis of Swarm Satellites Data Showing Seismo-Ionospheric Anomalies around the Time of the Strong Mexico (Mw\,=\,8.2) Earthquake of 08 September 2017},
  author = {Marchetti, Dedalo and Akhoondzadeh, Mehdi},
  year = {2018},
  month = aug,
  journal = {Advances in Space Research},
  volume = {62},
  number = {3},
  pages = {614--623},
  issn = {0273-1177},
  doi = {10.1016/j.asr.2018.04.043},
  urldate = {2023-07-29},
  langid = {english},
  lccn = {3}
}

@article{marchettiWorldwideStatisticalCorrelation2022,
  title = {Worldwide Statistical Correlation of Eight Years of Swarm Satellite Data with M5.5+ Earthquakes: New Hints about the Preseismic Phenomena from Space},
  shorttitle = {Worldwide Statistical Correlation of Eight Years of Swarm Satellite Data with M5.5+ Earthquakes},
  author = {Marchetti, Dedalo and De Santis, Angelo and Campuzano, Saioa A. and Zhu, Kaiguang and Soldani, Maurizio and D'Arcangelo, Serena and Orlando, Martina and Wang, Ting and Cianchini, Gianfranco and Di Mauro, Domenico and Ippolito, Alessandro and Nardi, Adriano and Sabbagh, Dario and Chen, Wenqi and He, Xiaodan and Shen, Xuhui and Wen, Jiami and Zhang, Donghua and Zhang, Hanshuo and Zhang, Yiqun and Zeren, Zhima},
  year = {2022},
  month = jan,
  journal = {Remote Sensing},
  volume = {14},
  number = {11},
  pages = {2649},
  publisher = {Multidisciplinary Digital Publishing Institute},
  issn = {2072-4292},
  doi = {10.3390/rs14112649},
  urldate = {2023-07-29},
  copyright = {http://creativecommons.org/licenses/by/3.0/},
  langid = {english},
  lccn = {2}
}

@article{molchanovGlobalDiagnosticsIonospheric2006,
  title = {Global Diagnostics of the Ionospheric Perturbations Related to the Seismic Activity Using the VLF Radio Signals Collected on the DEMETER Satellite},
  author = {Molchanov, O. and Rozhnoi, A. and Solovieva, M. and Akentieva, O. and Berthelier, J. J. and Parrot, M. and Lefeuvre, F. and Biagi, P. F. and Castellana, L. and Hayakawa, M.},
  year = {2006},
  journal = {NATURAL HAZARDS AND EARTH SYSTEM SCIENCES},
  volume = {6},
  number = {5},
  pages = {745--753},
  publisher = {European Geosciences Union},
  address = {Katlenburg-Lindau},
  issn = {1561-8633},
  doi = {10.5194/nhess-6-745-2006},
  urldate = {2023-07-18},
  langid = {english},
  lccn = {3},
  annotation = {Web of Science ID: WOS:000241461100008}
}

@article{nemecSpacecraftObservationsElectromagnetic2008,
  title = {Spacecraft Observations of Electromagnetic Perturbations Connected with Seismic Activity},
  author = {Nemec, F. and Santolik, O. and Parrot, M. and Berthelier, J. J.},
  year = {2008},
  month = mar,
  journal = {GEOPHYSICAL RESEARCH LETTERS},
  volume = {35},
  number = {5},
  pages = {L05109},
  publisher = {Amer Geophysical Union},
  address = {Washington},
  issn = {0094-8276},
  doi = {10.1029/2007GL032517},
  urldate = {2023-07-18},
  langid = {english},
  lccn = {1},
  annotation = {Web of Science ID: WOS:000254165500002}
}

@article{oksumNovelApproachBased2021,
  title = {A Novel Approach Based on the Fast Sigmoid Function for Interpretation of Potential Field Data},
  author = {Oksum, Erdinc and Le, Dung and Vu, Minh and Hang, Nguyen and Pham, Luan},
  year = {2021},
  month = sep,
  journal = {Bollettino di Geofisica Teorica ed Applicata},
  volume = {62},
  pages = {543--556},
  doi = {10.4430/bgta0348},
  lccn = {4}
}

@article{olsenSwarmSatelliteConstellation2013,
  title = {The Swarm Satellite Constellation Application and Research Facility (SCARF) and Swarm Data Products},
  author = {Olsen, Nils and {Friis-Christensen}, Eigil and Floberghagen, Rune and Alken, Patrick and Beggan, Ciaran D. and Chulliat, Arnaud and Doornbos, Eelco and {da Encarna{\c c}{\~a}o}, Jo{\~a}o Teixeira and Hamilton, Brian and Hulot, Gauthier and {van den IJssel}, Jose and Kuvshinov, Alexey and Lesur, Vincent and L{\"u}hr, Hermann and Macmillan, Susan and Maus, Stefan and Noja, Max and Olsen, Poul Erik H. and Park, Jaeheung and Plank, Gernot and P{\"u}the, Christoph and Rauberg, Jan and Ritter, Patricia and Rother, Martin and Sabaka, Terence J. and Schachtschneider, Reyko and Sirol, Olivier and Stolle, Claudia and Th{\'e}bault, Erwan and Thomson, Alan W. P. and {T{\o}ffner-Clausen}, Lars and Vel{\'i}msk{\'y}, Jakub and Vigneron, Pierre and Visser, Pieter N.},
  year = {2013},
  month = nov,
  journal = {Earth, Planets and Space},
  volume = {65},
  number = {11},
  pages = {1189--1200},
  issn = {1880-5981},
  doi = {10.5047/eps.2013.07.001},
  urldate = {2023-07-29},
  langid = {english}
}

@article{parrotStatisticalAnalysisAutomatically2012,
  title = {Statistical Analysis of Automatically Detected Ion Density Variations Recorded by DEMETER and Their Relation to Seismic Activity},
  author = {Parrot, Michel},
  year = {2012},
  journal = {ANNALS OF GEOPHYSICS},
  volume = {55},
  number = {1},
  pages = {149--155},
  publisher = {Ist Nazionale Di Geofisica E Vulcanologia},
  address = {Rome},
  issn = {1593-5213, 2037-416X},
  doi = {10.4401/ag-5270},
  urldate = {2023-07-18},
  langid = {english},
  lccn = {4},
  annotation = {Web of Science ID: WOS:000306480400018}
}

@article{parrotStatisticalAnalysisIon2011,
  title = {Statistical Analysis of the Ion Density Measured by the Satellite DEMETER in Relation with the Seismic Activity},
  author = {Parrot, Michel},
  year = {2011},
  month = dec,
  journal = {Earthquake Science},
  volume = {24},
  number = {6},
  pages = {513--521},
  issn = {1867-8777},
  doi = {10.1007/s11589-011-0813-3},
  urldate = {2024-05-28},
  langid = {english}
}

@article{pulinetsLithosphereAtmosphereIonosphere2011,
  title = {Lithosphere--Atmosphere--Ionosphere Coupling (LAIC) Model -- An Unified Concept for Earthquake Precursors Validation},
  author = {Pulinets, S. and Ouzounov, D.},
  year = {2011},
  month = jun,
  journal = {Journal of Asian Earth Sciences},
  series = {Validation of Earthquake Precursors-VESTO},
  volume = {41},
  number = {4},
  pages = {371--382},
  issn = {1367-9120},
  doi = {10.1016/j.jseaes.2010.03.005},
  urldate = {2025-05-12},
  lccn = {2}
}

@article{rasheedSingularSpectralControl2023,
  title = {Singular Spectral and Control Chart Analysis of Soil Radon and Thoron Time Series for Forecasting Seismic Activities},
  author = {Rasheed, Awais and Osama, Muhammad and Nikolopoulos, Dimitrios and Rafique, Muhammad},
  year = {2023},
  month = aug,
  journal = {Journal of Atmospheric and Solar-Terrestrial Physics},
  volume = {249},
  pages = {106108},
  issn = {1364-6826},
  doi = {10.1016/j.jastp.2023.106108},
  urldate = {2023-07-30},
  langid = {english},
  lccn = {4}
}

@article{sabakaComprehensiveModelEarth2018,
  title = {A Comprehensive Model of Earth's Magnetic Field Determined from 4 Years of Swarm Satellite Observations},
  author = {Sabaka, Terence J. and {T{\o}ffner-Clausen}, Lars and Olsen, Nils and Finlay, Christopher C.},
  year = {2018},
  month = aug,
  journal = {Earth, Planets and Space},
  volume = {70},
  number = {1},
  pages = {130},
  issn = {1880-5981},
  doi = {10.1186/s40623-018-0896-3},
  urldate = {2023-07-29}
}

@article{shiUnsupervisedAnomalyDetection2023,
  title = {An Unsupervised Anomaly Detection Approach for Pre-Seismic Ionospheric Total Electron Content},
  author = {Shi, Wen and Peng, Zhiyu and Huang, Yongming and Zhang, Guobao and Wang, Cunsong},
  year = {2023},
  month = jan,
  journal = {Measurement Science and Technology},
  volume = {34},
  number = {5},
  pages = {055101},
  publisher = {IOP Publishing},
  issn = {0957-0233},
  doi = {10.1088/1361-6501/acb453},
  urldate = {2023-07-29},
  langid = {english},
  lccn = {3}
}

@incollection{wangRealTimeTsunamiDetection2022,
  title = {Real-Time Tsunami Detection Based on Ensemble Empirical Mode Decomposition (EEMD)},
  booktitle = {Tsunami Data Assimilation for Early Warning},
  author = {Wang, Yuchen},
  editor = {Wang, Yuchen},
  year = {2022},
  series = {Springer Theses},
  pages = {63--76},
  publisher = {Springer Nature},
  address = {Singapore},
  doi = {10.1007/978-981-19-7339-0_4},
  urldate = {2023-07-30},
  isbn = {978-981-19733-9-0},
  langid = {english}
}

@article{wanpengNovelHybridPSO2010,
  title = {A novel hybrid PSO/simplex algorithm for determining earthquake source parameters using InSAR data},
  author = {Wanpeng, Feng and Zhenhong, L. I.},
  year = {2010},
  month = aug,
  journal = {Progress in Geophysics},
  volume = {25},
  number = {4},
  pages = {1189--1196},
  publisher = {Progress in Geophysics},
  issn = {1004-2903},
  doi = {10.3969/j.issn.1004-2903.2010.04.007},
  urldate = {2023-07-29},
  copyright = {http://creativecommons.org/licenses/by/3.0/},
  langid = {chinese}
}

@article{xiongIdentificationElectromagneticPreEarthquake2020,
  title = {Identification of Electromagnetic Pre-Earthquake Perturbations from the DEMETER Data by Machine Learning},
  author = {Xiong, Pan and Long, Cheng and Zhou, Huiyu and Battiston, Roberto and Zhang, Xuemin and Shen, Xuhui},
  year = {2020},
  month = nov,
  journal = {REMOTE SENSING},
  volume = {12},
  number = {21},
  pages = {3643},
  publisher = {MDPI},
  address = {Basel},
  issn = {2072-4292},
  doi = {10.3390/rs12213643},
  urldate = {2023-07-18},
  langid = {english},
  lccn = {2},
  annotation = {Web of Science ID: WOS:000593620600001}
}

@article{yangEMDBasedStatistical2023,
  title = {EMD Based Statistical Analysis of Nighttime Pre-Earthquake ULF Electric Field Disturbances Observed by CSES},
  author = {Yang, Bai-Yi and Li, Zhong and Huang, Jian-Ping and Yang, Xu-Ming and Yin, Hui-Chao and Li, Zong-Yu and Lu, Heng-Xin and Li, Wen-Jing and Shen, Xu-Hui and Zeren, Zhima and Tan, Qiao and Zhou, Na},
  year = {2023},
  journal = {Frontiers in Astronomy and Space Sciences},
  volume = {9},
  issn = {2296-987X},
  doi = {10.3389/fspas.2022.1077592},
  urldate = {2023-07-30},
  lccn = {3}
}

@article{yangMultistepPredictionStrong2016,
  title = {Multi-Step Prediction of Strong Earthquake Ground Motions and Seismic Responses of SDOF Systems Based on EMD-ELM Method},
  author = {Yang, Dixiong and Yang, Kaisheng},
  year = {2016},
  month = jun,
  journal = {SOIL DYNAMICS AND EARTHQUAKE ENGINEERING},
  volume = {85},
  pages = {117--129},
  publisher = {Elsevier Sci Ltd},
  address = {Oxford},
  issn = {0267-7261, 1879-341X},
  doi = {10.1016/j.soildyn.2016.03.015},
  urldate = {2023-07-18},
  langid = {english},
  lccn = {2},
  annotation = {Web of Science ID: WOS:000376804000010}
}

@article{zhaoPreliminaryAnalysisIonospheric2022,
  title = {Preliminary Analysis of Ionospheric Anomalies before Strong Earthquakes in and around Mainland China},
  author = {Zhao, Binbin and Qian, Cai and Yu, Huaizhong and Liu, Jianming and Maimaitusun, Nilupaer and Yu, Chen and Zhang, Xiaotao and Ma, Yuchuan},
  year = {2022},
  month = mar,
  journal = {Atmosphere},
  volume = {13},
  number = {3},
  pages = {410},
  publisher = {Multidisciplinary Digital Publishing Institute},
  issn = {2073-4433},
  doi = {10.3390/atmos13030410},
  urldate = {2024-05-18},
  copyright = {http://creativecommons.org/licenses/by/3.0/},
  langid = {english},
  lccn = {4}
}

@article{zlotnickiGroundbasedElectromagneticStudies2006,
  title = {Ground-Based Electromagnetic Studies Combined with Remote Sensing Based on Demeter Mission: A Way to Monitor Active Faults and Volcanoes},
  shorttitle = {Ground-Based Electromagnetic Studies Combined with Remote Sensing Based on Demeter Mission},
  author = {Zlotnicki, J. and Le Mou{\"e}l, J. L. and Kanwar, R. and Yvetot, P. and Vargemezis, G. and Menny, P. and Fauquet, F.},
  year = {2006},
  month = apr,
  journal = {Planetary and Space Science},
  series = {First Results of the DEMETER Micro-Satellite},
  volume = {54},
  number = {5},
  pages = {541--557},
  issn = {0032-0633},
  doi = {10.1016/j.pss.2005.10.022},
  urldate = {2023-07-18},
  langid = {english},
  lccn = {4}
}
